@article{AnnaThesis,
  doi = {10.11588/HEIDOK.00004549},
  url = {http://archiv.ub.uni-heidelberg.de/volltextserver/id/eprint/4549},
  author = {Marciniak-Czochra,  Anna},
  keywords = {510 Mathematics},
  title = {Developmental models with cell surface receptor densities defining morphological position},
  publisher = {Heidelberg University Library},
  year = {2004}
}

@BOOK{Murray1990-ad,
  title     = "Mathematical biology",
  author    = "Murray, James D",
  publisher = "Springer",
  series    = "Biomathematics",
  edition   =  1,
  month     =  11,
  year      =  1990,
  address   = "Berlin, Germany",
  language  = "en"
}


@misc{philip_2022,
title= "Ordinary diï¬€erential equations - LMU",
url="https://www.mathematik.uni-muenchen.de/~philip/publications/lectureNotes/philipPeter_ODE.pdf",
journal="",
author="Philip, Peter",
year="2022",
month="09"
} 


@article{Cygan2022,
  doi = {10.1016/j.jde.2022.08.007},
  url = {https://doi.org/10.1016/j.jde.2022.08.007},
  year = {2022},
  month = nov,
  publisher = {Elsevier {BV}},
  volume = {337},
  pages = {460--482},
  author = {Szymon Cygan and Anna Marciniak-Czochra and Grzegorz Karch and Kanako Suzuki},
  title = {Instability of all regular stationary solutions to reaction-diffusion-{ODE} systems},
  journal = {Journal of Differential Equations}
}