@article{AnnaThesis,
  doi = {10.11588/HEIDOK.00004549},
  url = {http://archiv.ub.uni-heidelberg.de/volltextserver/id/eprint/4549},
  author = {Marciniak-Czochra,  Anna},
  keywords = {510 Mathematics},
  title = {Developmental models with cell surface receptor densities defining morphological position},
  publisher = {Heidelberg University Library},
  year = {2004}
}

@BOOK{Murray1990-ad,
  title     = "Mathematical biology",
  author    = "Murray, James D",
  publisher = "Springer",
  series    = "Biomathematics",
  edition   =  1,
  month     =  11,
  year      =  1990,
  address   = "Berlin, Germany",
  language  = "en"
}


@misc{philip_2022,
title= "Ordinary diï¬€erential equations - LMU",
url="https://www.mathematik.uni-muenchen.de/~philip/publications/lectureNotes/philipPeter_ODE.pdf",
journal="",
author="Philip, Peter",
year="2022",
month="09"
} 


@article{Cygan2022,
  doi = {10.1016/j.jde.2022.08.007},
  url = {https://doi.org/10.1016/j.jde.2022.08.007},
  year = {2022},
  month = nov,
  publisher = {Elsevier {BV}},
  volume = {337},
  pages = {460--482},
  author = {Szymon Cygan and Anna Marciniak-Czochra and Grzegorz Karch and Kanako Suzuki},
  title = {Instability of all regular stationary solutions to reaction-diffusion-{ODE} systems},
  journal = {Journal of Differential Equations}
}

@article{Lepschy1988,
	doi = {10.1016/0016-0032(88)90003-8},
	url = {https://doi.org/10.1016/0016-0032(88)90003-8},
	year = {1988},
	month = jan,
	publisher = {Elsevier {BV}},
	volume = {325},
	number = {6},
	pages = {695--703},
	author = {A. Lepschy and G.A. Mian and U. Viaro},
	title = {A Geometrical Interpretation of the Routh Test},
	journal = {Journal of the Franklin Institute}
}

@misc{https://doi.org/10.48550/arxiv.2201.12748,
	doi = {10.48550/ARXIV.2201.12748},
	url = {https://arxiv.org/abs/2201.12748},
	author = {Kowall,  Chris and Marciniak-Czochra,  Anna and M\"{u}nnich,  Finn},
	keywords = {Analysis of PDEs (math.AP),  Spectral Theory (math.SP),  FOS: Mathematics,  FOS: Mathematics,  35K57,  35B35 (primary) 35B36,  35P05,  47D06 (secondary)},
	title = {Stability Results for Bounded Stationary Solutions of Reaction-Diffusion-ODE Systems},
	publisher = {arXiv},
	year = {2022},
	copyright = {Creative Commons Attribution 4.0 International}
}

@BOOK{Engel2000-nj,
	title     = "One-parameter semigroups for linear evolution equations",
	author    = "Engel, Klaus-Jochen and Nagel, Rainer",
	publisher = "Springer",
	series    = "Graduate Texts in Mathematics",
	edition   =  2000,
	month     =  dec,
	year      =  2000,
	address   = "New York, NY",
	language  = "en"
}

@BOOK{Pazy2012-rc,
	title     = "Semigroups of linear operators and applications to partial
	differential equations",
	author    = "Pazy, Amnon",
	publisher = "Springer",
	series    = "Applied mathematical sciences",
	edition   =  1983,
	month     =  dec,
	year      =  2012,
	address   = "New York, NY",
	language  = "en"
}

@article{Arendt1984,
	doi = {10.1007/bf02573461},
	url = {https://doi.org/10.1007/bf02573461},
	year = {1984},
	month = dec,
	publisher = {Springer Science and Business Media {LLC}},
	volume = {30},
	number = {1},
	pages = {297--330},
	author = {Wolfgang Arendt and G\"{u}nther Greiner},
	title = {The spectral mapping theorem for one-parameter groups of positive operators on Co(X)},
	journal = {Semigroup Forum}
}

@book{Smoller1994,
	doi = {10.1007/978-1-4612-0873-0},
	url = {https://doi.org/10.1007/978-1-4612-0873-0},
	year = {1994},
	publisher = {Springer New York},
	author = {Joel Smoller},
	title = {Shock Waves and Reaction{\textemdash}Diffusion Equations}
}

@misc{Neupane2022,
	author = {Laxmi Neupane, Sagar Aryal},
	title = {{Hydra- Reproduction (Budding and Sexual), Regeneration, Immortality}},
	howpublished = "\url{https://thebiologynotes.com/hydra-reproduction-regeneration/}",
	year = {2022}, 
	note = "[Online; accessed 15-April 2023]"
}

@article{1952,
	doi = {10.1098/rstb.1952.0012},
	url = {https://doi.org/10.1098/rstb.1952.0012},
	year = {1952},
	month = aug,
	publisher = {The Royal Society},
	volume = {237},
	number = {641},
	pages = {37--72},
	title = {The chemical basis of morphogenesis},
	journal = {Philosophical Transactions of the Royal Society of London. Series B,  Biological Sciences}
}

@book{Perthame2015,
	doi = {10.1007/978-3-319-19500-1},
	url = {https://doi.org/10.1007/978-3-319-19500-1},
	year = {2015},
	publisher = {Springer International Publishing},
	author = {Benoit Perthame},
	title = {Parabolic Equations in Biology}
}

@article{1952,
	doi = {10.1098/rstb.1952.0012},
	url = {https://doi.org/10.1098/rstb.1952.0012},
	year = {1952},
	month = aug,
	publisher = {The Royal Society},
	volume = {237},
	number = {641},
	pages = {37--72},
	title = {The chemical basis of morphogenesis},
	journal = {Philosophical Transactions of the Royal Society of London. Series B,  Biological Sciences}
}